@article{booth_wargame_2024,
  title = {Wargame Design: Addressing the Trilemma},
  author = {Booth, Ruby E. and Reddie, Andrew W.},
  journal = {MORS Journal of Wargaming},
  year = {2024},
  url = {https://www.mors.org/Publications/MORS-Journal-of-Wargaming},
}

@misc{reddie_wargames_2023,
  title = {Wargames as Data: Addressing the Wargamer's Trilemma},
  author = {Reddie, Andrew W. and Booth, Ruby E. and Goldblum, Bethany L. and Lakkaraju, Kiran and Reinhardt, Jason},
  year = {2023},
  eprint = {2302.08065},
  eprinttype = {arxiv},
  url = {https://arxiv.org/abs/2302.08065},
}

@misc{goldblum_integrating_2023,
  title = {Integrating the Art and Science of Wargaming},
  author = {Goldblum, Bethany L. and Reddie, Andrew W.},
  year = {2023},
  howpublished = {Lawfare},
  url = {https://www.lawfaremedia.org/article/integrating-art-and-science-wargaming},
}

@article{reddie_nextgeneration_2018,
  title = {Next-generation wargames},
  author = {Reddie, Andrew W. and Goldblum, Bethany L. and Lakkaraju, Kiran and Reinhardt, Jason C. and Nacht, Michael and Epifanovskaya, Laura},
  journal = {Science},
  year = {2018},
  doi = {10.1126/science.aav2135},
  url = {https://doi.org/10.1126/science.aav2135},
}

@article{letchford_experimental_2022,
  title = {Experimental Wargaming with SIGNAL},
  author = {Letchford, Joshua and Epifanovskaya, Laura and Lakkaraju, Kiran and Armenta, Mika and Reddie, Andrew W. and Goldblum, Bethany L. and others},
  journal = {Military Operations Research},
  volume = {27},
  number = {2},
  year = {2022},
  url = {https://www.mors.org/Publications/MOR-Journal},
}

@article{reddie_evidence_2023,
  title = {Evidence of the unthinkable: Experimental wargaming at the nuclear threshold},
  author = {Reddie, Andrew W. and Goldblum, Bethany L.},
  journal = {Journal of Peace Research},
  volume = {60},
  number = {5},
  year = {2023},
  doi = {10.1177/00223433221094734},
  url = {https://doi.org/10.1177/00223433221094734},
}

@article{goldblum_wargames_2019,
  title = {Wargames as experiments: The Project on Nuclear Gaming's SIGNAL framework},
  author = {Goldblum, Bethany L. and Reinhardt, Jason C. and Reddie, Andrew W.},
  journal = {Bulletin of the Atomic Scientists},
  year = {2019},
  url = {https://thebulletin.org/2019/05/wargames-as-experiments-the-project-on-nuclear-gamings-signal-framework/},
}

@techreport{hersman_under_2020,
  title = {Under the Nuclear Shadow: Situational Awareness Technology and Crisis Decisionmaking},
  author = {Hersman, Rebecca K. C. and Younis, Reja and Farabaugh, Bryce and Goldblum, Bethany L. and Reddie, Andrew W.},
  institution = {CSIS},
  year = {2020},
  url = {https://csis-website-prod.s3.amazonaws.com/s3fs-public/publication/200318_UnderNucearShadow_FullReport_WEB.pdf},
}
